@article{yunits2017tree,
  title={Tree Notation: an antifragile document format.},
  author={Yunits, Breck},
  journal={arXiv preprint arXiv:1703.01192},
  year={2017}
}

